@article{floating-textures,
    author = {Eisemann, Martin and De Decker, Bert and Magnor, Marcus and Bekaert, Philippe and de Aguiar, Edilson and Ahmed, Naveed and Theobalt, Christian and Sellent, Anita},
    title = {Floating Textures},
    volume = {27},
    number = {2},
    journal = {Computer Graphics Forum (Proc. of Eurographics)},
    pages = {409--418},
    month = apr,
    year = {2008}
}

@incollection{multi-view-tex,
	year={2010},
	isbn={978-3-642-12303-0},
	booktitle={Computer Vision â€“ ACCV 2009},
	volume={5995},
	author={Aganj, Ehsan and Monasse, Pascal and Keriven, Renaud},
	series={Lecture Notes in Computer Science},
	title={Multi-view Texturing of Imprecise Mesh},
	publisher={Springer Berlin Heidelberg},
	pages={468-476}
}

@inproceedings{seamless-mosaicing,
	author={Lempitsky, V. and Ivanov, D.},
	booktitle={Computer Vision and Pattern Recognition},
	title={Seamless Mosaicing of Image-Based Texture Maps},
	year={2007},
	pages={1-6},
	keywords={Markov processes;geometry;image registration;image resolution;image segmentation;image texture;solid modelling;Markov random field energy optimization;computer vision;geometric estimation;geometry model;image acquisition;image mosaicing;image registration;image resolution;image-based texture maps;object modeling;seam levelling;structure-and-motion technique;Application software;Computer vision;Energy resolution;Geometry;Image registration;Image resolution;Markov random fields;Shape;Solid modeling;Stereo vision},
	doi={10.1109/CVPR.2007.383078},
	ISSN={1063-6919},
}

@article{masked-blending,
	 author = {Callieri, M. and Cignoni, P. and Corsini, M. and Scopigno, R.},
	 title = {Masked Photo Blending: Mapping Dense Photographic Data Set on High-resolution Sampled 3D Models},
	 journal = {Comput. Graph.},
	 issue_date = {August, 2008},
	 volume = {32},
	 number = {4},
	 month = aug,
	 year = {2008},
	 issn = {0097-8493},
	 pages = {464--473},
	 numpages = {10},
	 acmid = {1403359},
	 publisher = {Pergamon Press, Inc.},
	 address = {Elmsford, NY, USA},
} 

@article{harmonized-texture-mapping,
	author="TAKAI, Takeshi and MATSUYAMA, Takashi",
	title="Harmonized Texture Mapping",
	journal="The Journal of The Institute of Image Information and Television Engineers",
	ISSN="13426907",
	publisher="The Institute of Image Information and Television Engineers",
	year="2009",
	month="apr",
	volume="63",
	number="4",
	pages="488-499",
}

@ARTICLE{Bernardini01,
    author = {Fausto Bernardini and Ioana M. Martin and Holly Rushmeier},
    title = {High-quality texture reconstruction from multiple scans},
    journal = {IEEE Transactions on Visualization and Computer Graphics},
    year = {2001},
    volume = {7},
    pages = {318--332}
}

@INPROCEEDINGS{Allene08,
	author={Allene, C. and Pons, J.-P. and Keriven, R.},
	booktitle={Pattern Recognition, 2008. ICPR 2008. 19th International Conference on},
	title={Seamless image-based texture atlases using multi-band blending},
	year={2008},
	pages={1-4},
	keywords={geometry;graph colouring;image colour analysis;image texture;optimisation;solid modelling;3D model;geometric inaccuracy;graph cut optimization;image calibration;multiband image blending;patch boundary;photometric inaccuracy;pixel-wise color correction;seamless image-based texture atlas;visual ghosting artifact;Calibration;Cameras;Color;Frequency;Large-scale systems;Layout;Markov random fields;Photometry;Pixel;Reflectivity},
	doi={10.1109/ICPR.2008.4761913},
	ISSN={1051-4651},
}

@book{Szeliski,
 author = {Szeliski, Richard},
 title = {Computer Vision: Algorithms and Applications},
 year = {2010},
 isbn = {1848829345, 9781848829343},
 edition = {1st},
 publisher = {Springer-Verlag New York, Inc.},
 address = {New York, NY, USA},
} 


@inproceedings{Debevec96,
 author = {Debevec, Paul E. and Taylor, Camillo J. and Malik, Jitendra},
 title = {Modeling and Rendering Architecture from Photographs: A Hybrid Geometry- and Image-based Approach},
 series = {SIGGRAPH '96},
 year = {1996},
 pages = {11--20},
 publisher = {ACM},
 address = {New York, NY, USA},
} 

@INPROCEEDINGS{Adelson91,
    author = {Edward H. Adelson and James R. Bergen},
    title = {The Plenoptic Function and the Elements of Early Vision},
    booktitle = {Computational Models of Visual Processing},
    year = {1991},
    pages = {3--20},
    publisher = {MIT Press}
}

@book{mpg,
  title={Modern{\'\i} po{\v{c}}{\'\i}ta{\v{c}}ov{\'a} grafika},
  author={{\v{Z}}{\'a}ra, J. and Bene{\v{s}}, B. and Sochor, J. and Felkel, P.},
  year={2004},
  publisher={Computer Press},
}

@Book{Hartley2004,
    author = "Hartley, R.~I. and Zisserman, A.",
    title = "Multiple View Geometry in Computer Vision",
    edition = "Second",
    year = "2004",
    publisher = "Cambridge University Press, ISBN: 0521540518"
} 

@article{Stamminger2002,
 author = {Stamminger, Marc and Drettakis, George},
 title = {Perspective Shadow Maps},
 journal = {ACM Trans. Graph.},
 issue_date = {July 2002},
 volume = {21},
 number = {3},
 month = jul,
 year = {2002},
 issn = {0730-0301},
 pages = {557--562},
 numpages = {6},
 doi = {10.1145/566654.566616},
 publisher = {ACM},
} 

@article{Andrew79,
  author    = {A. M. Andrew},
  title     = {Another Efficient Algorithm for Convex Hulls in Two Dimensions},
  journal   = {Inf. Process. Lett.},
  volume    = {9},
  number    = {5},
  year      = {1979},
  pages     = {216-219},
}

@article{Lloyd82,
 author = {Lloyd, S.},
 title = {Least Squares Quantization in PCM},
 journal = {IEEE Trans. Inf. Theor.},
 volume = {28},
 number = {2},
 month = mar,
 year = {1982},
 pages = {129--137},
 numpages = {9},
 publisher = {IEEE Press},
} 

@mastersthesis{Kirschner08,
   author = {Kirschner, Jan},
   title = {3D model reconstruction from photographs},
   year = {2008},
   school = {Czech Technical University in Prague, Faculty of Electrical Engineering, Department of Computer Graphics and Interaction},
}

@misc{hdd,
  author = {tomshardware.com},
  title = {{Charts, benchmarks HDD Charts 2013, [01] Read Throughput Average}},
  howpublished = {\url{http://www.tomshardware.com/charts/hdd-charts-2013/-01-Read-Throughput-Average-h2benchw-3.16,2901.html}},
  note = {Datum: 2014-06-06}
}

@misc{ssd,
  author = {tomshardware.com},
  title = {{Charts, benchmarks SSD Charts 2013, AS-SSD Sequential Read}},
  howpublished = {\url{http://www.tomshardware.com/charts/ssd-charts-2013/AS-SSD-Sequential-Read,2782.html}},
  note = {Datum: 2014-06-06}
}